<record><leader>00000cas a22000007a 4500</leader><controlfield tag="001">19571017</controlfield><controlfield tag="008">890419c19uu9999pauwr ne      0    0eng d</controlfield><datafield ind1=" " ind2=" " tag="010"><subfield code="a">sn 89077193 </subfield></datafield><datafield ind1=" " ind2=" " tag="040"><subfield code="a">NPH</subfield><subfield code="b">eng</subfield><subfield code="c">NPH</subfield><subfield code="d">OCLCQ</subfield></datafield><datafield ind1=" " ind2=" " tag="042"><subfield code="a">msc</subfield></datafield><datafield ind1="0" ind2=" " tag="130"><subfield code="a">Village news (Oxford, Pa.)</subfield></datafield><datafield ind1="1" ind2="4" tag="245"><subfield code="a">The village news.</subfield></datafield><datafield ind1="3" ind2="0" tag="246"><subfield code="a">Sunday village news</subfield></datafield><datafield ind1=" " ind2=" " tag="260"><subfield code="a">Oxford, Pa. :</subfield><subfield code="b">Donald A. Althouse</subfield></datafield><datafield ind1=" " ind2=" " tag="300"><subfield code="a">v. :</subfield><subfield code="b">ill. ;</subfield><subfield code="c">58 cm.</subfield></datafield><datafield ind1=" " ind2=" " tag="310"><subfield code="a">Weekly</subfield></datafield><datafield ind1=" " ind2=" " tag="500"><subfield code="a">Sunday issue called: Sunday village news.</subfield></datafield><datafield ind1=" " ind2=" " tag="500"><subfield code="a">"Published every Wednesday for the Octorara Area."</subfield></datafield><datafield ind1=" " ind2=" " tag="500"><subfield code="a">Published in Coatesville, Pa., &lt;1984-&gt;.</subfield></datafield><datafield ind1=" " ind2=" " tag="588"><subfield code="a">Description based on: Jan. 6, 1982.</subfield></datafield><datafield ind1=" " ind2=" " tag="752"><subfield code="a">United States</subfield><subfield code="b">Pennsylvania</subfield><subfield code="c">Chester</subfield><subfield code="d">Oxford.</subfield></datafield><datafield ind1=" " ind2=" " tag="752"><subfield code="a">United States</subfield><subfield code="b">Pennsylvania</subfield><subfield code="c">Chester</subfield><subfield code="d">Coatesville.</subfield></datafield></record>